% example .bib file from
% http://www.math.duke.edu/computing/tex/templates/database.bib

@article{Blanz99amorphable,
    author 	= "Volker Blanz and Thomas Vetter",
    title 	= "A Morphable Model For The Synthesis Of 3D Faces",
    year 	= 1999}

@article{SuwajanakornKS15,
  author    = "Supasorn Suwajanakorn and
               Ira Kemelmacher-Shlizerman and
               Steven M. Seitz",
  title     = "What Makes Kevin Spacey Look Like Kevin Spacey",
  journal   = "CoRR",
  volume    = "abs/1506.00752",
  year      = 2015,
  url       = "http://arxiv.org/abs/1506.00752"}

@article{KulkarniWKT15,
  author    = "Tejas D. Kulkarni and
               Will Whitney and
               Pushmeet Kohli and
               Joshua B. Tenenbaum",
  title     = "Deep Convolutional Inverse Graphics Network",
  journal   = "CoRR",
  volume    = "abs/1503.03167",
  year      = 2015,
  url       = "http://arxiv.org/abs/1503.03167"}

@article{Kingma13,
  author 	= "Kingma, D.~P and Welling, M.",
  title 	= "Auto-Encoding Variational Bayes",
  journal 	= "ArXiv e-prints",
  year 		= 2013,
  url 		= "http://arxiv.org/abs/1312.6114"}
  
@article{Bengio12,
  author    = "Yoshua Bengio and
               Aaron C. Courville and
               Pascal Vincent",
  title     = "Unsupervised Feature Learning and Deep Learning: A Review and New Perspectives",
  journal   = "CoRR",
  volume    = "abs/1206.5538",
  year      = 2012,
  url       = "http://arxiv.org/abs/1206.5538"}
  
@article{BurdaGS15,
  author    = {Yuri Burda and
               Roger B. Grosse and
               Ruslan Salakhutdinov},
  title     = {Importance Weighted Autoencoders},
  journal   = {CoRR},
  volume    = {abs/1509.00519},
  year      = {2015},
  url       = {http://arxiv.org/abs/1509.00519}}
  
@article{MakhzaniSJG15,
  author    = {Alireza Makhzani and
               Jonathon Shlens and
               Navdeep Jaitly and
               Ian J. Goodfellow},
  title     = {Adversarial Autoencoders},
  journal   = {CoRR},
  volume    = {abs/1511.05644},
  year      = {2015},
  url       = {http://arxiv.org/abs/1511.05644}}
  
@article{RasmusVHBR15,
  author    = {Antti Rasmus and
               Harri Valpola and
               Mikko Honkala and
               Mathias Berglund and
               Tapani Raiko},
  title     = {Semi-Supervised Learning with Ladder Network},
  journal   = {CoRR},
  volume    = {abs/1507.02672},
  year      = {2015},
  url       = {http://arxiv.org/abs/1507.02672}}